@article{Capel:2019hn,
author = {Capel, Francesca and Mortlock, Daniel J},
title = {{Impact of using the ultra high-energy cosmic ray arrival energies to constrain source associations}},
journal = {Monthly Notices of the Royal Astronomical Society},
year = {2019},
volume = {484},
number = {2},
pages = {2324--2340},
month = apr
}

@article{Soiaporn:tj,
author = {Soiaporn, Kunlaya and Chernoff, David and Loredo, Thomas and Ruppert, David and Wasserman, Ira},
title = {{Multilevel Bayesian framework for modeling the production, propagation and detection of ultra-high energy cosmic rays}},
journal = {The Annals of Applied Statistics},
year = {2013},
volume = {7},
number = {3},
pages = {1249--1285},
month = sep
}

@article{Meszaros:2017hm,
author = {Meszaros, P},
title = {{Astrophysical Sources of High-Energy Neutrinos in the IceCube Era}},
journal = {doi.org},
year = {2017},
volume = {67},
number = {1},
pages = {45--67},
month = oct
}

@article{Ahlers:2014ks,
author = {Ahlers, Markus and Murase, Kohta},
title = {{Probing the Galactic origin of the IceCube excess with gamma rays}},
journal = {Physical Review D},
year = {2014},
volume = {90},
number = {2},
pages = {023010},
month = jul,

}


@article{Collaboration:2013hx,
author = {Aartsen, M G and Ackermann, M and Adams, J and others},
title = {{Evidence for High-Energy Extraterrestrial Neutrinos at the IceCube Detector}},
journal = {Science},
year = {2013},
volume = {342},
number = {6161},
pages = {1242856--1242856},
month = nov
}

@article{Aartsen:2014cl,
author = {Aartsen, M G and Ackermann, M and Adams, J and others},
title = {{Observation of High-Energy Astrophysical Neutrinos in Three Years of IceCube Data}},
journal = {Physical Review Letters},
year = {2014},
volume = {113},
number = {10},
pages = {3273},
month = sep
}

@article{Aloisio:2012ff,
author = {Aloisio, R and Berezinsky, V and Gazizov, A},
title = {{Transition from galactic to extragalactic cosmic rays}},
journal = {Astroparticle Physics},
year = {2012},
volume = {39-40},
pages = {129--143},
month = dec
}

@article{Aartsen:2013dg,
author = {Aartsen, M G and Abbasi, R and Abdou, Y and Ackermann, M and others},
title = {{Search for Galactic PeV gamma rays with the IceCube Neutrino Observatory}},
journal = {Physical Review D},
year = {2013},
volume = {87},
number = {6},
pages = {062002},
month = mar
}

@article{Aartsen:2015fr,
author = {Aartsen, M G and Abraham, K and Ackermann, M and others},
title = {{A combined maximum-likelihood analysis of the high-energy astrophysical neutrino flux measured with IceCube}},
journal = {The Astrophysical Journal},
year = {2015},
volume = {809},
number = {1},
pages = {98},
month = aug
}

@article{Aartsen:2016oji,
author = {Aartsen, M G and Abraham, K and Ackermann, M and others},
title = {{All-sky Search for Time-integrated Neutrino Emission from Astrophysical Sources with 7 yr of IceCube Data}},
journal = {The Astrophysical Journal},
year = {2017},
volume = {835},
number = {2},
pages = {151}
}








































 














